@article{calais2010transpressional,
  title={Transpressional rupture of an unmapped fault during the 2010 {Haiti} earthquake},
  author={Calais, Eric and Freed, Andrew and Mattioli, Glen and Amelung, Falk and J{\'o}nsson, Sigurj{\'o}n and Jansma, Pamela and Hong, Sang-Hoon and Dixon, Timothy and Pr{\'e}petit, Claude and Momplaisir, Roberte},
  journal={Nature Geoscience},
  volume={3},
  number={11},
  pages={794--799},
  year={2010},
  publisher={Nature Publishing Group}
 }

@article{mann1995actively,
  title={Actively evolving microplate formation by oblique collision and sideways motion along strike-slip faults: {An} example from the northeastern {Caribbean} plate margin},
  author={Mann, Paul and Taylor, FW and Edwards, R Lawrence and Ku, Teh-Lung},
  journal={Tectonophysics},
  volume={246},
  number={1},
  pages={1--69},
  year={1995},
  publisher={Elsevier}
}

@article{dixon1998relative,
  title={Relative motion between the {Caribbean and North American} plates and related boundary zone deformation from a decade of {GPS} observations},
  author={Dixon, Timothy H and Farina, Frederic and DeMets, Charles and Jansma, Pamela and Mann, Paul and Calais, Eric},
  journal={Journal of Geophysical Research: Solid Earth},
  volume={103},
  number={B7},
  pages={15157--15182},
  year={1998},
  publisher={Wiley Online Library}
}

@article{douilly2013crustal,
  title={Crustal structure and fault geometry of the 2010 {Haiti} earthquake from temporary seismometer deployments},
  author={Douilly, Roby and Haase, Jennifer S and Ellsworth, William L and Bouin, Marie-Paule and Calais, Eric and Symithe, Steeve J and Armbruster, John G and de L{\'e}pinay, Bernard Mercier and Deschamps, Anne and Mildor, Saint-Louis and others},
  journal={Bulletin of the Seismological Society of America},
  volume={103},
  number={4},
  pages={2305--2325},
  year={2013},
  publisher={Seismological Society of America}
}

@article{pubellier2000plate,
  title={Plate boundary readjustment in oblique convergence: {Example of the Neogene of Hispaniola, Greater Antilles}},
  author={Pubellier, Manuel and Mauffret, Alain and Leroy, Sylvie and Vila, Jean Marie and Amilcar, Helliot},
  journal={Tectonics},
  volume={19},
  number={4},
  pages={630--648},
  year={2000},
  publisher={Wiley Online Library}
}

@article{manaker2008interseismic,
  title={Interseismic plate coupling and strain partitioning in the northeastern {Caribbean}},
  author={Manaker, David M and Calais, Eric and Freed, AM and Ali, ST and Przybylski, P and Mattioli, G and Jansma, P and Pr{\'e}petit, C and De Chabalier, JB},
  journal={Geophysical Journal International},
  volume={174},
  number={3},
  pages={889--903},
  year={2008},
  publisher={Oxford University Press}
}

@article{benford2012gps,
  title={{GPS} estimates of microplate motions, northern {Caribbean}: {evidence for a Hispaniola microplate and implications for earthquake hazard}},
  author={Benford, B and DeMets, C and Calais, E},
  journal={Geophysical Journal International},
  volume={191},
  number={2},
  pages={481--490},
  year={2012},
  publisher={Oxford University Press}
}

@article{bakun2012significant,
  title={Significant earthquakes on the {Enriquillo fault system, Hispaniola, 1500--2010: Implications} for seismic hazard},
  author={Bakun, William H and Flores, Claudia H and Uri, S},
  journal={Bulletin of the Seismological Society of America},
  volume={102},
  number={1},
  pages={18--30},
  year={2012},
  publisher={Seismological Society of America}
}

@article{calais1993semiquantitative,
  title={Semiquantitative modeling of strain and kinematics along the {Caribbean/North America} strike-slip plate boundary zone},
  author={Calais, Eric and L{\'e}pinay, De and Mercier, Bernard},
  journal={Journal of Geophysical Research: Solid Earth},
  volume={98},
  number={B5},
  pages={8293--8308},
  year={1993},
  publisher={Wiley Online Library}
}

@article{mann2002oblique,
  title={Oblique collision in the northeastern {Caribbean from GPS} measurements and geological observations},
  author={Mann, Paul and Calais, Eric and Ruegg, Jean-Claude and DeMets, Charles and Jansma, Pamela E and Mattioli, Glen S},
  journal={Tectonics},
  volume={21},
  number={6},
  year={2002},
  publisher={Wiley Online Library}
}

@article{dolan1998active,
  title={Active tectonics of the north-central {Caribbean: Oblique} collision, strain partitioning, and opposing subducted slabs},
  author={Dolan, James F and Mullins, Henry T and Wald, David J},
  journal={SPECIAL PAPERS-GEOLOGICAL SOCIETY OF AMERICA},
  pages={1--62},
  year={1998},
  publisher={GEOLOGICAL SOCIETY OF AMERICA, INC}
}

@article{calais2002strain,
  title={Strain partitioning and fault slip rates in the northeastern {Caribbean from GPS measurements}},
  author={Calais, Eric and Mazabraud, Yves and Mercier de L{\'e}pinay, Bernard and Mann, Paul and Mattioli, Glen and Jansma, Pamela},
  journal={Geophysical Research Letters},
  volume={29},
  number={18},
  year={2002},
  publisher={Wiley Online Library}
}

@article{rosencrantz1991seamarc,
  title={{SeaMARC II mapping of transform faults in the Cayman Trough, Caribbean Sea}},
  author={Rosencrantz, Eric and Mann, Paul},
  journal={Geology},
  volume={19},
  number={7},
  pages={690--693},
  year={1991},
  publisher={Geological Society of America}
}

@article{byrne1985muertos,
  title={{Muertos Trough} subduction microplate tectonics in the northern {Caribbean}?},
  author={Byrne, DB and Suarez, G and McCann, WR},
  year={1985},
  publisher={Nature Publishing Group}
}

@article{masson1991neotectonic,
  title={The neotectonic setting of {Puerto Rico}},
  author={Masson, DG and Scanlon, Kathryn M},
  journal={Geological Society of America Bulletin},
  volume={103},
  number={1},
  pages={144--154},
  year={1991},
  publisher={Geological Society of America}
}

@article{heubeck1991diachronous,
  title={Diachronous uplift and recycling of sedimentary basins during {Cenozoic tectonic transpression, northeastern Caribbean plate margin}},
  author={Heubeck, Christoph and Mann, Paul and Dolan, James and Monechi, Simonetta},
  journal={Sedimentary geology},
  volume={70},
  number={1},
  pages={1--32},
  year={1991},
  publisher={Elsevier}
}

@article{demets2000gps,
  title={{GPS} geodetic constraints on {Caribbean-North America} plate motion},
  author={DeMets, Charles and Jansma, Pamela E and Mattioli, Glen S and Dixon, Timothy H and Farina, Fred and Bilham, Roger and Calais, Eric and Mann, Paul},
  journal={Geophysical Research Letters},
  volume={27},
  number={3},
  pages={437--440},
  year={2000},
  publisher={Wiley Online Library}
}

@article{demets2007present,
  title={Present motion and deformation of the {Caribbean plate: Constraints from new GPS geodetic measurements from Honduras and Nicaragua}},
  author={DeMets, Charles and Mattioli, Glen and Jansma, Pamela and Rogers, Robert D and Tenorio, Carlos and Turner, Henry L},
  journal={Geological Society of America Special Papers},
  volume={428},
  pages={21--36},
  year={2007},
  publisher={Geological Society of America}
}

@article{lopez2006there,
author = {Lï¿½pez, A. M. and Stein, S. and Dixon, T. and Sella, G. and Calais, E. and Jansma, P. and Weber, J. and LaFemina, P.},
title = {Is there a northern {Lesser Antilles} forearc block?},
journal = {Geophysical Research Letters},
volume = {33},
number = {7},
issn = {1944-8007},
url = {http://dx.doi.org/10.1029/2005GL025293},
doi = {10.1029/2005GL025293},
keywords = {Tectonic deformation, Satellite geodesy: results, Subduction zones, Seismicity and tectonics, Plate motions: present and recent},
year = {2006},
note = {L07313},
}

@article{demets2010geologically,
  title={Geologically current plate motions},
  author={DeMets, Charles and Gordon, Richard G and Argus, Donald F},
  journal={Geophysical Journal International},
  volume={181},
  number={1},
  pages={1--80},
  year={2010},
  publisher={Oxford University Press}
}

@article{jansma2000neotectonics,
  title={Neotectonics of {Puerto Rico and the Virgin Islands, northeastern Caribbean, from GPS geodesy}},
  author={Jansma, Pamela E and Mattioli, Glen S and Lopez, Alberto and DeMets, Charles and Dixon, Timothy H and Mann, Paul and Calais, Eric},
  journal={Tectonics},
  volume={19},
  number={6},
  pages={1021--1037},
  year={2000},
  publisher={Wiley Online Library}
}

@article{jansma2005gps,
  title={{GPS results from Puerto Rico and the Virgin Islands}: constraints on tectonic setting and rates of active faulting},
  author={Jansma, Pamela E and Mattioli, Glen S},
  journal={Geological Society of America Special Papers},
  volume={385},
  pages={13--30},
  year={2005},
  publisher={Geological Society of America}
}

@article{demets2007deformation,
  title={Deformation of {Jamaica and motion of the Gonave microplate from GPS} and seismic data},
  author={DeMets, C and Wiggins-Grandison, M},
  journal={Geophysical Journal International},
  volume={168},
  number={1},
  pages={362--378},
  year={2007},
  publisher={Oxford University Press}
}

@article{nettles2010earthquake,
  title={Earthquake source parameters for the 2010 {January Haiti} main shock and aftershock sequence},
  author={Nettles, Meredith and Hj{\"o}rleifsd{\'o}ttir, Vala},
  journal={Geophysical Journal International},
  volume={183},
  number={1},
  pages={375--380},
  year={2010},
  publisher={Oxford University Press}
}

@article{mercier20112010,
  title={{The 2010 Haiti earthquake: A complex} fault pattern constrained by seismologic and tectonic observations},
  author={Mercier de L{\'e}pinay, Bernard and Deschamps, Anne and Klingelhoefer, Frauke and Mazabraud, Yves and Delouis, Bertrand and Clouard, Val{\'e}rie and Hello, Yann and Crozon, Jacques and Marcaillou, Boris and Graindorge, David and others},
  journal={Geophysical Research Letters},
  volume={38},
  number={22},
  year={2011},
  publisher={Wiley Online Library}
}

@article{Steven1989_2,
author = {Steven G. Schock and Lester R. LeBlanc and Larry A. Mayer},
title = {Chirp subbottom profiler for quantitative sediment analysis},
journal = {Geophysics},
volume = {54},
number = {4},
pages = {445-450},
year = {1989},
doi = {10.1190/1.1442670},

URL = { 
        http://dx.doi.org/10.1190/1.1442670
    
},
eprint = { 
        http://dx.doi.org/10.1190/1.1442670
    
}

}

@article{henkart2006chirp_2,
  title={CHIRP SUB-BOTTOM PROFILER PROCESSING-A REVIEW explains how chirp signals may be recorded as correlates, analytic or envelope},
  author={Henkart, Paul},
  journal={Sea Technology},
  volume={47},
  number={10},
  pages={35},
  year={2006},
  publisher={COMPASS PUBLICATIONS INC}
}

@article{prentice2010seismic,
  title={Seismic hazard of the {Enriquillo-Plantain Garden fault in Haiti} inferred from palaeoseismology},
  author={Prentice, CS and Mann, P and Crone, AJ and Gold, RD and Hudnut, KW and Briggs, RW and Koehler, RD and Jean, P},
  journal={Nature Geoscience},
  volume={3},
  number={11},
  pages={789--793},
  year={2010},
  publisher={Nature Publishing Group}
}

@article{cowgill2012interactive,
  title={Interactive terrain visualization enables virtual field work during rapid scientific response to the 2010 {Haiti} earthquake},
  author={Cowgill, Eric and Bernardin, Tony S and Oskin, Michael E and Bowles, Christopher and Y{\i}k{\i}lmaz, M Burak and Kreylos, Oliver and Elliott, Austin J and Bishop, Scott and Gold, Ryan D and Morelan, Alexander and others},
  journal={Geosphere},
  volume={8},
  number={4},
  pages={787--804},
  year={2012},
  publisher={Geological Society of America}
}

@inproceedings{wang2015inferring,
  title={Inferring Marine Sediment Type Using Chirp Sonar Data: {Atlantis Field, Gulf of Mexico}},
  author={Wang, Jiannan and Stewart, Robert and others},
  booktitle={2015 SEG Annual Meeting},
  year={2015},
  organization={Society of Exploration Geophysicists}
}

@inproceedings{rios2013holocene,
  title={Holocene Activity of the {Enriquillo-Plantain Garden Fault in Lake Enriquillo} Derived from Seismic Stratigraphy},
  author={Rios, JK and McHugh, CM and Hornbach, MJ and Mann, P and Wright, VD and Gurung, D},
  booktitle={AGU Fall Meeting Abstracts},
  volume={1},
  pages={2629},
  year={2013}
}

@article{taylor1985stratigraphy,
 title={Stratigraphy and radiocarbon chronology of a subaerially exposed {Holocene coral reef, Dominican Republic}},
 author={Taylor, FW and Mann, Paul and Valastro Jr, S and Burke, Kevin},
 journal = {The Journal of Geology},
 number = {3},
 pages = {311-332},
 publisher = {University of Chicago Press},
 volume = {93},
 year = {1985}
}

@article{hayes2010complex,
  title={Complex rupture during the 12 {January 2010 Haiti} earthquake},
  author={Hayes, GP and Briggs, RW and Sladen, A and Fielding, EJ and Prentice, C and Hudnut, K and Mann, P and Taylor, FW and Crone, AJ and Gold, R and others},
  journal={Nature Geoscience},
  volume={3},
  number={11},
  pages={800--805},
  year={2010},
  publisher={Nature Publishing Group}
}

@book{massoni1955haiti,
  title={Ha{\"\i}ti: reine des {Antilles}},
  author={Massoni, Pierre},
  year={1955},
  publisher={Nouvelles Editions Latines}
}

@article{kocel2014searching,
  title={Searching for blind faults: {The Haiti} subsurface imaging project},
  author={Kocel, Eray and Stewart, Robert R and Mann, Paul and Chang, Li and Wang, Jiannan},
  journal={The Leading Edge},
  volume={33},
  number={12},
  pages={1372--1377},
  year={2014},
  publisher={Society of Exploration Geophysicists}
}

@article{mann1983development,
 ISSN = {00221376, 15375269},
 URL = {http://www.jstor.org/stable/30064017},
 author = {Mann, P and Hempton, Mark R. and Bradley, Dwight C. and Burke, Kevin},
 journal = {The Journal of Geology},
 number = {5},
 pages = {529-554},
 publisher = {University of Chicago Press},
 title = {Development of Pull-Apart Basins},
 volume = {91},
 year = {1983}
}

@article{borges2010source,
  title={Source rupture process, directivity and and {Coulomb stress change of the 12 January 2010 (Port-au-Prince Haiti, Mw7. 0)} earthquake},
  author={Borges, JF and Caldeira, Bento and Bezzeghoud, Mourad},
  year={2010},
  publisher={General Assembly of the European Seismological Commission (ESC), September, Montpelier, France}
}

@article{higuera199910,
  title={A 10,300 14 {C yr record of climate and vegetation change from Haiti}},
  author={Higuera-Gundy, Antonia and Brenner, Mark and Hodell, David A and Curtis, Jason H and Leyden, Barbara W and Binford, Michael W},
  journal={Quaternary Research},
  volume={52},
  number={2},
  pages={159--170},
  year={1999},
  publisher={Elsevier}
}

@article{hornbach2010high,
  title={High tsunami frequency as a result of combined strike-slip faulting and coastal landslides},
  author={Hornbach, Matthew J and Braudy, Nicole and Briggs, Richard W and Cormier, Marie-Helene and Davis, Marcy B and Diebold, John B and Dieudonne, Nicole and Douilly, Roby and Frohlich, Cliff and Gulick, Sean PS and others},
  journal={Nature Geoscience},
  volume={3},
  number={11},
  pages={783--788},
  year={2010},
  publisher={Nature Publishing Group}
}

@article{mchugh2011offshore,
  title={Offshore sedimentary effects of the 12 {January 2010 Haiti} earthquake},
  author={McHugh, Cecilia M and Seeber, Leonardo and Braudy, Nicole and Cormier, Marie-Helene and Davis, Marcy B and Diebold, John B and Dieudonne, Nicole and Douilly, Roby and Gulick, Sean PS and Hornbach, Matthew J and others},
  journal={Geology},
  volume={39},
  number={8},
  pages={723--726},
  year={2011},
  publisher={Geological Society of America}
}

@article{mclaughlin1991geology,
  title={Geology of the {Azua and Enriquillo basins, Dominican Republic; 1, Neogene} lithofacies, biostratigraphy, biofacies, and paleogeography},
  author={McLaughlin, PP and Van Den Bold, WA and Mann, Paul},
  journal={Geological Society of America Special Papers},
  volume={262},
  pages={337--366},
  year={1991},
  publisher={Geological Society of America}
}

@article{mann1991geology,
  title={Geology of the {Azua and Enriquillo basins, Dominican Republic; 2, Structure} and tectonics},
  author={Mann, Paul and McLaughlin, PP and Cooper, Calvin},
  journal={Geological Society of America Special Papers},
  volume={262},
  pages={367--390},
  year={1991},
  publisher={Geological Society of America}
}

@article{kocel2016near,
  title={{Near-surface geophysical investigation of the 2010 Haiti earthquake epicentral area: L{\'e}og{\^a}ne, Haiti}},
  author={Kocel, Eray and Stewart, Robert R and Mann, Paul and Chang, Li},
  journal={Interpretation},
  volume={4},
  number={1},
  pages={T49--T61},
  year={2016},
  publisher={Society of Exploration Geophysicists and American Association of Petroleum Geologists}
}

@article{mount1987state,
  title={State of stress near the San Andreas fault: Implications for wrench tectonics},
  author={Mount, Van S and Suppe, John},
  journal={Geology},
  volume={15},
  number={12},
  pages={1143--1146},
  year={1987},
  publisher={Geological Society of America}
}

@article{hashimoto2011fan,
  title={Fan-delta uplift and mountain subsidence during the Haiti 2010 earthquake},
  author={Hashimoto, Manabu and Fukushima, Yo and Fukahata, Yukitoshi},
  journal={Nature Geoscience},
  volume={4},
  number={4},
  pages={255--259},
  year={2011},
  publisher={Nature Publishing Group}
}

@article{douilly2015three,
  title={Three-dimensional dynamic rupture simulations across interacting faults: The Mw7. 0, 2010, Haiti earthquake},
  author={Douilly, Roby and Aochi, H and Calais, E and Freed, AM},
  journal={Journal of Geophysical Research: Solid Earth},
  volume={120},
  number={2},
  pages={1108--1128},
  year={2015},
  publisher={Wiley Online Library}
}

@article{bruna2014morphostructure,
  title={Morphostructure at the junction between the Beata ridge and the Greater Antilles island arc (offshore Hispaniola southern slope)},
  author={Bru{\~n}a, JL Granja and Carb{\'o}-Gorosabel, A and Estrada, P Llanes and Mu{\~n}oz-Mart{\'\i}n, A and Ten Brink, US and Ballesteros, M G{\'o}mez and Druet, M and Pazos, A},
  journal={Tectonophysics},
  volume={618},
  pages={138--163},
  year={2014},
  publisher={Elsevier}
}

@article{saint2015seismotectonics,
  title={{Seismotectonics of southern Haiti: A new faulting model for the 12 January 2010 M7. 0 earthquake}},
  author={Saint Fleur, Newdeskarl and Feuillet, Nathalie and Grandin, Rapha{\"e}l and Jacques, Eric and Weil-Accardo, Jennifer and Klinger, Yann},
  journal={Geophysical Research Letters},
  volume={42},
  number={23},
  year={2015},
  publisher={Wiley Online Library}
}

@article{douilly20163d,
  title={{3D} Velocity Structure in Southern {Haiti} from Local Earthquake Tomography},
  author={Douilly, Roby and Ellsworth, William L and Kissling, Edi and Freed, Andrew M and Deschamps, Anne and L{\'e}pinay, Bernard M},
  journal={Journal of Geophysical Research: Solid Earth},
  year={2016},
  publisher={Wiley Online Library}
}

@article{lin2010usgs,
  title={{USGS-WHOI-DPRI Coulomb} stress-transfer model for the {January} 12, 2010, {Mw= 7.0 Haiti earthquake}},
  author={Lin, Jian and Stein, Ross S and Sevilgen, Volkan and Toda, Shinji},
  journal={US Geological Survey Open-File Rep},
  volume={1019},
  year={2010}
}

@article{symithe2013coseismic,
  title={{Coseismic slip distribution of the 2010 M 7.0 Haiti earthquake and resulting stress changes on regional faults}},
  author={Symithe, Steeve J and Calais, Eric and Haase, Jennifer S and Freed, Andrew M and Douilly, Roby},
  journal={Bulletin of the Seismological Society of America},
  volume={103},
  number={4},
  pages={2326--2343},
  year={2013},
  publisher={Seismological Society of America}
}

@article{harris1991fault,
  title={{Fault steps and the dynamic rupture process: 2-D numerical simulations of a spontaneously propagating shear fracture}},
  author={Harris, Ruth A and Archuleta, Ralph J and Day, Steven M},
  journal={Geophysical Research Letters},
  volume={18},
  number={5},
  pages={893--896},
  year={1991},
  publisher={Wiley Online Library}
}

@article{harris20021999,
  title={{The 1999 Izmit, Turkey, earthquake: A 3D dynamic stress transfer model of intraearthquake triggering}},
  author={Harris, Ruth A and Dolan, James F and Hartleb, Ross and Day, Steven M},
  journal={Bulletin of the Seismological Society of America},
  volume={92},
  number={1},
  pages={245--255},
  year={2002},
  publisher={Seismological Society of America}
}

@article{harris1993dynamics,
  title={{Dynamics of fault interaction: Parallel strike-slip faults}},
  author={Harris, Ruth A and Day, Steven M},
  journal={Journal of Geophysical Research: Solid Earth},
  volume={98},
  number={B3},
  pages={4461--4472},
  year={1993},
  publisher={Wiley Online Library}
}

@article{harris1999dynamic,
  title={{Dynamic 3D simulations of earthquakes on en echelon faults}},
  author={Harris, Ruth A and Day, Steven M},
  journal={Geophysical Research Letters},
  volume={26},
  number={14},
  pages={2089--2092},
  year={1999},
  publisher={Wiley Online Library}
}

@article{aochi2005dynamic,
  title={{Dynamic transfer of rupture across differently oriented segments in a complex 3-D fault system}},
  author={Aochi, Hideo and Scotti, Oona and Berge-Thierry, Catherine},
  journal={Geophysical research letters},
  volume={32},
  number={21},
  year={2005},
  publisher={Wiley Online Library}
}

@article{oglesby2005dynamics,
  title={The dynamics of strike-slip step-overs with linking dip-slip faults},
  author={Oglesby, David D},
  journal={Bulletin of the Seismological Society of America},
  volume={95},
  number={5},
  pages={1604--1622},
  year={2005},
  publisher={Seismological Society of America}
}

@article{corbeau2016transpressive,
  title={How transpressive is the northern {Caribbean plate boundary?}},
  author={Corbeau, Jordane and Rolandone, Fr{\'e}d{\'e}rique and Leroy, Sylvie and Meyer, Bertrand and Mercier de L{\'e}pinay, B and Ellouz-Zimmermann, Nadine and Momplaisir, Roberte},
  journal={Tectonics},
  volume={35},
  number={4},
  pages={1032--1046},
  year={2016},
  publisher={Wiley Online Library}
}

@article{leroy2015segmentation,
  title={{Segmentation and kinematics of the North America-Caribbean plate boundary offshore Hispaniola}},
  author={Leroy, Sylvie and Ellouz-Zimmermann, Nadine and Corbeau, Jordane and Rolandone, Fr{\'e}d{\'e}rique and L{\'e}pinay, Bernard Mercier and Meyer, Bertrand and Momplaisir, Roberte and Granja Bru{\~n}a, Jos{\'e}-Luis and Battani, Anne and Baurion, Celine and others},
  journal={Terra Nova},
  volume={27},
  number={6},
  pages={467--478},
  year={2015},
  publisher={Wiley Online Library}
}

@article{moknatian2017development,
  title={{Development of Geospatial and Temporal Characteristics for Hispaniola's Lake Azuei and Enriquillo Using Landsat Imagery}},
  author={Moknatian, Mahrokh and Piasecki, Michael and Gonzalez, Jorge},
  journal={Remote Sensing},
  volume={9},
  number={6},
  pages={510},
  year={2017},
  publisher={Multidisciplinary Digital Publishing Institute}
}

@article{odonne1983analogue,
  title={Analogue models of folds above a wrench fault},
  author={Odonne, Francis and Vialon, Pierre},
  journal={Tectonophysics},
  volume={99},
  number={1},
  pages={31--46},
  year={1983},
  publisher={Elsevier}
}

@article{tikoff1998physical,
  title={Physical experiments of transpressional folding},
  author={Tikoff, Basil and Peterson, Karl},
  journal={Journal of Structural Geology},
  volume={20},
  number={6},
  pages={661--672},
  year={1998},
  publisher={Elsevier}
}

@article{titus2007kinematic,
  title={{A kinematic model for the Rinconada fault system in central California based on structural analysis of en echelon folds and paleomagnetism}},
  author={Titus, Sarah J and Housen, Bernard and Tikoff, Basil},
  journal={Journal of Structural Geology},
  volume={29},
  number={6},
  pages={961--982},
  year={2007},
  publisher={Elsevier}
}

@article{mann1984subaerially,
  title={{Subaerially exposed Holocene coral reef, Enriquillo Valley, Dominican Republic}},
  author={Mann, Paul and Taylor, FW and Burke, Kevin and Kulstad, Robert},
  journal={Geological Society of America Bulletin},
  volume={95},
  number={9},
  pages={1084--1092},
  year={1984},
  publisher={Geological Society of America}
}

@article{mann2007overview,
  title={{Overview of the tectonic history of northern Central America}},
  author={Mann, Paul},
  journal={Geological Society of America Special Papers},
  volume={428},
  pages={1--19},
  year={2007},
  publisher={Geological Society of America}
}

@article{segall1990surface,
  title={{Surface displacements in the 1906 San Francisco and 1989 Loma Prieta earthquakes}},
  author={Segall, Paul and Lisowski, Michael},
  journal={Science},
  volume={250},
  number={4985},
  pages={1241--1244},
  year={1990},
  publisher={JSTOR}
}

@article{symithe2016present,
  title={{Present-day shortening in Southern Haiti from GPS measurements and implications for seismic hazard}},
  author={Symithe, Steeve and Calais, Eric},
  journal={Tectonophysics},
  volume={679},
  pages={117--124},
  year={2016},
  publisher={Elsevier}
}

@article{chen2002conjugate,
  title={{Conjugate thrust faulting associated with the 1999 Chi-Chi, Taiwan, earthquake sequence}},
  author={Chen, Kou-Cheng and Huang, Bor-Shouh and Wang, Jeen-Hwa and Yen, Horng-Yuan},
  journal={Geophysical Research Letters},
  volume={29},
  number={8},
  year={2002},
  publisher={Wiley Online Library}
}

@article{mann1999caribbean,
  title={{Caribbean sedimentary basins: Classification and tectonic setting from Jurassic to present}},
  author={Mann, P},
  journal={Sedimentary Basins of the World},
  volume={4},
  pages={3--31},
  year={1999},
  publisher={Elsevier}
}

@article{marshall1991faulting,
  title={{Faulting geometry and slip from co-seismic elevation changes: the 18 October 1989, Loma Prieta, California, earthquake}},
  author={Marshall, Grant A and Stein, Ross S and Thatcher, Wayne},
  journal={Bulletin of the Seismological Society of America},
  volume={81},
  number={5},
  pages={1660--1693},
  year={1991},
  publisher={Seismological Society of America}
}

@article{bilham2010lessons,
  title={{Lessons from the Haiti earthquake}},
  author={Bilham, Roger},
  journal={Nature},
  volume={463},
  number={7283},
  pages={878--879},
  year={2010},
  publisher={Nature Publishing Group}
}

@techreport{piasecki2016bathymetric,
  title={Report: {Bathymetric Survey for Lakes Azuei and Enriquillo, Hispaniola}},
  author={Piasecki, Michael and Moknatian, Mahrokh and Moshary, Fred and Cleto, Joseph and Leon, Yolanda and Gonzalez, Jorge and Comarazamy, Daniel},
  institution={City University of New York (CUNY)},
  year={2016}
}

@article{rico2017hydrodynamic,
  title={{Hydrodynamic Study of Lake Enriquillo in Dominican Republic}},
  author={Rico, Puerto},
  journal={Journal of Geoscience and Environment Protection},
  volume={5},
  pages={115--124},
  year={2017}
}

@article{cox2011shear,
  title={{Shear wave velocity-and geology-based seismic microzonation of Port-au-Prince, Haiti}},
  author={Cox, Brady R and Bachhuber, Jeff and Rathje, Ellen and Wood, Clinton M and Dulberg, Ranon and Kottke, Albert and Green, Russell A and Olson, Scott M},
  journal={Earthquake Spectra},
  volume={27},
  number={S1},
  pages={S67--S92},
  year={2011}
}

@misc{rathje2014geotechnical,
  title={{Geotechnical reconnaissance of the 2010 Haiti earthquake: GEER (Geotechnical Extreme Events Reconnaissance)}},
  author={Rathje, E and Bachhuber, J and Cox, B and French, J and Green, R and Olson, S and Rix, G and Wells, D and Suncar, O and Harp, E and others},
  year={2014}
}

@article{koehler2011field,
  title={{Field observations from the January 12, 2010, Haiti earthquake: Implications for seismic hazards and future post-earthquake reconnaissance investigations in Alaska}},
  author={Koehler, RD and Mann, P},
  journal={Report of Investigations},
  volume={2},
  pages={24},
  year={2011}
}

@article{sibson2012reverse,
  title={Reverse fault rupturing: competition between non-optimal and optimal fault orientations},
  author={Sibson, RH},
  journal={Geological Society, London, Special Publications},
  volume={367},
  number={1},
  pages={39--50},
  year={2012},
  publisher={Geological Society of London}
}

@article{paultre2013damage,
  title={{Damage to engineered structures during the 12 January 2010, Haiti (L{\'e}og{\^a}ne) earthquake}},
  author={Paultre, Patrick and Calais, {\'E}ric and Proulx, Jean and Pr{\'e}petit, Claude and Ambroise, Steeve},
  journal={Canadian Journal of Civil Engineering},
  volume={40},
  number={8},
  pages={777--790},
  year={2013},
  publisher={NRC Research Press}
}

@article{Fielding2013,
author = {Fielding, Eric J. and Sladen, Anthony and Li, Zhenhong and Avouac, Jean-Philippe and Bï¿½rgmann, Roland and Ryder, Isabelle},
title = {{Kinematic fault slip evolution source models of the 2008 M7.9 Wenchuan earthquake in China from SAR interferometry, GPS and teleseismic analysis and implications for Longmen Shan tectonics}},
journal = {Geophysical Journal International},
volume = {194},
number = {2},
pages = {1138-1166},
year = {2013},
doi = {10.1093/gji/ggt155},
URL = { + http://dx.doi.org/10.1093/gji/ggt155},
eprint = {/oup/backfile/content_public/journal/gji/194/2/10.1093_gji_ggt155/2/ggt155.pdf}
}

@article{frankel2011seismic,
  title={{Seismic hazard maps for Haiti}},
  author={Frankel, Arthur and Harmsen, Stephen and Mueller, Charles and Calais, Eric and Haase, Jennifer},
  journal={Earthquake Spectra},
  volume={27},
  number={S1},
  pages={S23--S41},
  year={2011}
}

@article{terrier2014revision,
  title={Revision of the geological context of the Port-au-Prince metropolitan area, Haiti: implications for slope failures and seismic hazard assessment},
  author={Terrier, Monique and Bialkowski, Anne and Nachbaur, A and Pr{\'e}petit, C and Joseph, YF},
  journal={Natural Hazards and Earth System Sciences},
  volume={14},
  number={9},
  pages={2577},
  year={2014},
  publisher={Copernicus GmbH}
}

@article{wright2015factors,
  title={Factors contributing to the 2005-present, rapid rise in lake levels, Dominican Republic and Haiti (Hispaniola)},
  author={Wright, Vanshan D and Hornbach, Matthew J and Mchugh, Cecilia and Mann, Paul},
  journal={Natural Resources},
  volume={6},
  number={08},
  pages={465},
  year={2015},
  publisher={Scientific Research Publishing}
}

@article{calais2016plate,
  title={{Plate boundary segmentation in the northeastern Caribbean from geodetic measurements and Neogene geological observations}},
  author={Calais, {\'E}ric and Symithe, Steeve and de L{\'e}pinay, Bernard Mercier and Pr{\'e}petit, Claude},
  journal={Comptes Rendus Geoscience},
  volume={348},
  number={1},
  pages={42--51},
  year={2016},
  publisher={Elsevier}
}

@article{grindlay2005high,
  title={{High risk of tsunami in the northern Caribbean}},
  author={Grindlay, Nancy R and Hearne, Meghan and Mann, Paul},
  journal={Eos, Transactions American Geophysical Union},
  volume={86},
  number={12},
  pages={121--126},
  year={2005},
  publisher={Wiley Online Library}
}

@article{kroehler2011late,
  title={{Late Cretaceous-Miocene diachronous onset of back thrusting along the South Caribbean deformed belt and its importance for understanding processes of arc collision and crustal growth}},
  author={Kroehler, Margaret E and Mann, Paul and Escalona, Alejandro and Christeson, Gail and others},
  journal={Tectonics},
  volume={30},
  number={6},
  year={2011},
  publisher={Wiley Online Library}
}

@article{bruna2009morphotectonics,
  title={{Morphotectonics of the central Muertos thrust belt and Muertos Trough (northeastern Caribbean)}},
  author={Bru{\~n}a, JL Granja and Ten Brink, Uri S and Carb{\'o}-Gorosabel, Andr{\'e}s and Mu{\~n}oz-Mart{\'\i}n, A and Ballesteros, M G{\'o}mez},
  journal={Marine geology},
  volume={263},
  number={1},
  pages={7--33},
  year={2009},
  publisher={Elsevier}
}

@article{prentice1993paleoseismicity,
  title={{Paleoseismicity of the North American-Caribbean plate boundary (Septentrional fault), Dominican Republic}},
  author={Prentice, Carol S and Mann, Paul and Taylor, FW and Burr, G and Valastro, S},
  journal={Geology},
  volume={21},
  number={1},
  pages={49--52},
  year={1993},
  publisher={Geological Society of America}
}

@article{sylvester1988strike,
  title={Strike-slip faults},
  author={Sylvester, Arthur G},
  journal={Geological Society of America Bulletin},
  volume={100},
  number={11},
  pages={1666--1703},
  year={1988},
  publisher={Geological Society of America}
}

@article{lin2017coseismic,
  title={{Coseismic conjugate faulting structures produced by the 2016 M w 7.1 Kumamoto earthquake, Japan}},
  author={Lin, Aiming and Chiba, Tatsuro},
  journal={Journal of Structural Geology},
  volume={99},
  pages={20--30},
  year={2017},
  publisher={Elsevier}
}

@misc{UNAVCO2009,
  author = {{UNAVCO (University Navstar Consortium)}},
  title = {{PBO GPS velocities in southern California}},
  year = 2009,
  url = {http://geon.unavco.org /unavco/IDV_for_GEON_gps.html},
  urldate = {August 2010}
}

@article{olson1990seismicity,
  title={{Seismicity in the twenty years preceding the Loma Prieta California Earthquake}},
  author={Olson, Jean A},
  journal={Geophysical Research Letters},
  volume={17},
  number={9},
  pages={1429--1432},
  year={1990},
  publisher={Wiley Online Library}
}

@phdthesis{bien1986contribution,
  title={Contribution {\`a} {l'}{\'e}tude g{\'e}ologique de la partie orientale du {Massif de la Hotte (Presqu}'{\^\i}le du {Sud d'Ha}{\"\i}ti): {Synth}{\`e}se structurale des marges de la presqu'{\^\i}le {\`a} partir de donn{\'e}es sismiques},
  author={Bien-Aim{\'e} Momplaisir, R},
  school={Universit{\'e} Pierre et Marie Curie (Paris VI)},
  address={Paris},
  pages={210},
  year={1986}
}

@incollection{bourgueil1988synthese,
  title={{Synth{\`e}se g{\'e}ologique de la R{\'e}publique d'Ha{\"\i}ti}},
  author={Bourgueil, B and Andreieff, P and Lasnier, J and Gonnard, R and Le Metour, J and Rancon, Jean-Philippe},
  booktitle={Technical report, Bureau des Mines et de l'Energie},
  year={1988},
  publisher={Haiti Port-au-Prince}
}

@article{mann1991overview,
  title={{An overview of the geologic and tectonic development of Hispaniola}},
  author={Mann, Paul and Draper, Grenville and Lewis, John F and others},
  journal={Geologic and tectonic development of the North America-Caribbean plate boundary in Hispaniola. Geological Society of America Special Paper},
  volume={262},
  pages={1--28},
  year={1991}
}

@article{bilham2013remote,
  title={{Remote sensing and the search for surface rupture, Haiti 2010}},
  author={Bilham, Roger and Fielding, Eric},
  journal={Natural hazards},
  volume={68},
  number={1},
  pages={213--217},
  year={2013},
  publisher={Springer}
}

@article{medley2007paleosalinity,
  title={{Paleosalinity history of middle Holocene lagoonal and lacustrine deposits in the Enriquillo Valley, Dominican Republic based on pore morphometrics and isotope geochemistry of ostracoda}},
  author={Medley, Pamela and Tibert, Neil E and Patterson, William P and Curran, H Allen and Greer, Lisa and Colin, Jean-Paul},
  journal={Micropaleontology},
  volume={53},
  number={5},
  pages={409--419},
  year={2007},
  publisher={Micropaleontology Project}
}

@article{greer2006decadal,
  title={{Decadal cyclicity of regional mid-Holocene precipitation: Evidence from Dominican coral proxies}},
  author={Greer, Lisa and Swart, Peter K},
  journal={Paleoceanography and Paleoclimatology},
  volume={21},
  number={2},
  year={2006},
  publisher={Wiley Online Library}
}

@article{prentice2003slip,
  title={{Slip rate and earthquake recurrence along the central Septentrional fault, North American--Caribbean plate boundary, Dominican Republic}},
  author={Prentice, Carol S and Mann, Paul and Pe{\~n}a, Luis R and Burr, G},
  journal={Journal of Geophysical Research: Solid Earth},
  volume={108},
  number={B3},
  year={2003},
  publisher={Wiley Online Library}
}

@article{schwartz1980herpetogeography,
  title={{The herpetogeography of Hispaniola, West Indies}},
  author={Schwartz, Albert},
  journal={Stud. Fauna Curacao Carib. Isl},
  volume={61},
  number={189},
  pages={86--127},
  year={1980}
}

@techreport{romero2011water,
  title={{Water level fluctuations of Lake Enriquillo and Lake Saumatre in response to environmental changes}},
  author={Romero Luna, Eva Joelisa and Poteau, Dina},
  institution={Cornell University},
  year={2011}
}

@article{rathje2011damage,
  title={{Damage patterns in Port-au-Prince during the 2010 Haiti earthquake}},
  author={Rathje, Ellen M and Bachhuber, Jeff and Dulberg, Ranon and Cox, Brady R and Kottke, Albert and Wood, Clinton and Green, Russell A and Olson, Scott and Wells, Donald and Rix, Glenn},
  journal={Earthquake Spectra},
  volume={27},
  number={S1},
  pages={S117--S136},
  year={2011}
}

@manual{bachhuber2010,
      title={{Carte g{\'e}ologique de Port-au-Prince}},
      author={Bachhuber, Jeff and Rathje, Ellen M and Cox, Brady R and Dulberg, Ranon A and Kottke, Albert and Wood, Clint and GEER Team},
      note={\url{http://web.ics.purdue.edu/~ecalais/haiti/macrozonation/PAP_PDFs/pap_carte_geologique_2010_fr_11x17.pdf}},
      year={2010}
    }
    
 @book{butterlin1960geologie,
  title={{G{\'e}ologie g{\'e}n{\'e}rale et r{\'e}gionale de la R{\'e}publique d'Ha{\"\i}ti}},
  author={Butterlin, Jacques},
  publisher={{Travaux et M{\'e}moire de {l'}Institut des Hautes Etudes de {I'}Am{\'e}rique Latine, Paris}},
  pages={194},
  year={1960}
}


